<?xml version="1.0" encoding="UTF-8"?><record xmlns="http://www.loc.gov/MARC21/slim" xmlns:cinclude="http://apache.org/cocoon/include/1.0" xmlns:zs="http://www.loc.gov/zing/srw/">
  <leader>00567cz  a2200145n  4500</leader>
  <controlfield tag="001">n 2013001508</controlfield>
  <controlfield tag="003">DLC</controlfield>
  <controlfield tag="005">20130111075553.0</controlfield>
  <controlfield tag="008">130110n| azannaabn          |a ana      </controlfield>
  <datafield tag="010" ind1=" " ind2=" ">
    <subfield code="a">n 2013001508</subfield>
  </datafield>
  <datafield tag="040" ind1=" " ind2=" ">
    <subfield code="a">DLC</subfield>
    <subfield code="b">eng</subfield>
    <subfield code="c">DLC</subfield>
    <subfield code="e">rda</subfield>
  </datafield>
  <datafield tag="110" ind1="2" ind2=" ">
    <subfield code="a">Cementario General de Mérida (Mérida, Mexico)</subfield>
  </datafield>
  <datafield tag="370" ind1=" " ind2=" ">
    <subfield code="f">Mérida, Mexico</subfield>
    <subfield code="s">1821</subfield>
  </datafield>
  <datafield tag="410" ind1="2" ind2=" ">
    <subfield code="a">Cementario General (Mérida, Mexico)</subfield>
  </datafield>
  <datafield tag="670" ind1=" " ind2=" ">
    <subfield code="a">El Cementerio General de Mérida, 2011:</subfield>
    <subfield code="b">t.p. (Cementerio General de Mérida) p. 7 (oldest cemetery in  the Republic of México; inaugurated in 1821) p. 8 (Cementerio General)</subfield>
  </datafield>
</record>